@book{knjiga1,
  title={{Konstrukcija i analiza algoritama 2}},
  author={Vesna Marinković},
  year={2023},
  publisher={Matematički fakultet},
  address = {Beograd}
}
@book{knjiga2,
  title={{Paths, Trees and Flowers}},
  author={Jack Edmonds},
  year={1965},
}
@misc{sajt1,
title={brilliant.org},
howpublished={\url{https://brilliant.org/wiki/blossom-algorithm/}
}

@misc{sajt2,
title={iq.opengenus.org},
howpublished={\url{https://iq.opengenus.org/blossom-maximum-matching-algorithm/}}
}


